@article{2024AJ....167...86C,
  author   = {{Crenshaw}, John Franklin and {Connolly}, Andrew J. and {Meyers}, Joshua E. and {Kalmbach}, J. Bryce and {Megias Homar}, Guillem and {Ribeiro}, Tiago and {Suberlak}, Krzysztof and {Thomas}, Sandrine and {Tsai}, Te-Wei},
  title    = {{Using AI for Wave-front Estimation with the Rubin Observatory Active Optics System}},
  journal  = {\aj},
  keywords = {Neural networks, Multiple mirror telescopes, Optical telescopes, Astronomical optics, Astronomical instrumentation, 1933, 1080, 1174, 88, 799},
  year     = 2024,
  month    = feb,
  volume   = {167},
  number   = {2},
  eid      = {86},
  pages    = {86},
  doi      = {10.3847/1538-3881/ad1661},
  adsurl   = {https://ui.adsabs.harvard.edu/abs/2024AJ....167...86C},
  adsnote  = {Provided by the SAO/NASA Astrophysics Data System}
}

@article{1993JOSAA..10.2277R,
  author  = {{Roddier}, C. and {Roddier}, F.},
  title   = {{Wave-front reconstruction from defocused images and the testing of ground-based optical telescopes.}},
  journal = {Journal of the Optical Society of America A},
  year    = 1993,
  month   = nov,
  volume  = {10},
  number  = {11},
  pages   = {2277-2287},
  doi     = {10.1364/JOSAA.10.002277},
  adsurl  = {https://ui.adsabs.harvard.edu/abs/1993JOSAA..10.2277R},
  adsnote = {Provided by the SAO/NASA Astrophysics Data System}
}

@phdthesis{janish2012,
  title   = {An Algorithm for Rapid Measurement of Aberrations in Pairs of Out-of-Focus Images},
  author  = {Janish, Ryan J.},
  year    = {2012},
  address = {{Cambridge, MA}},
  url     = {http://hdl.handle.net/1721.1/78543},
  school  = {MIT}
}
